@inproceedings{przepiorkowski2023conjunct,
  title={Conjunct Lengths in {E}nglish, Dependency Length Minimization, and Dependency Structure of Coordination},
  author={Przepi{\'o}rkowski, Adam and Wo{\'z}niak, Micha{\l}},
  booktitle={Proceedings of the 61st Annual Meeting of the Association for Computational Linguistics (Volume 1: Long Papers)},
  pages={15494--15512},
  year={2023}
}

@article{de2021universal,
  title={Universal {D}ependencies},
  author={De Marneffe, Marie-Catherine and Manning, Christopher D and Nivre, Joakim and Zeman, Daniel},
  journal={Computational linguistics},
  volume={47},
  number={2},
  pages={255--308},
  year={2021},
  publisher={MIT Press One Rogers Street, Cambridge, MA 02142-1209, USA}
}

@inproceedings{popel2013coordination,
  title={Coordination structures in dependency treebanks},
  author={Popel, Martin and Mare{\v{c}}ek, David and {\v{S}}t{\v{e}}p{\'a}nek, Jan and Zeman, Daniel and {\v{Z}}abokrtsk{\`y}, Zden{\v{e}}k},
  booktitle={Proceedings of the 51st Annual Meeting of the Association for Computational Linguistics (Volume 1: Long Papers)},
  pages={517--527},
  year={2013}
}

@article{temperley2007minimization,
  title={Minimization of dependency length in written {E}nglish},
  author={Temperley, David},
  journal={Cognition},
  volume={105},
  number={2},
  pages={300--333},
  year={2007},
  publisher={Elsevier}
}

@article{futrell2015large,
  title={Large-scale evidence of dependency length minimization in 37 languages},
  author={Futrell, Richard and Mahowald, Kyle and Gibson, Edward},
  journal={Proceedings of the National Academy of Sciences},
  volume={112},
  number={33},
  pages={10336--10341},
  year={2015},
  publisher={National Acad Sciences}
}

@article{polinsky2012headedness,
  title={Headedness, again},
  author={Polinsky, Maria},
  year={2012},
  publisher={UCLA Department of Linguistics},
  journal={UCLA Working Papers in Linguistics 17 (Theories of Everything)},
  pages={348--359}
}

@book{sag1999syntactic,
  title={Syntactic theory: {A} formal introduction},
  author={Sag, Ivan A and Wasow, Thomas and Bender, Emily M and Sag, Ivan A},
  volume={92},
  year={1999},
  publisher={Center for the Study of Language and Information Stanford, CA}
}

@article{king1991individual,
  title={Individual differences in syntactic processing: The role of working memory},
  author={King, Jonathan and Just, Marcel Adam},
  journal={Journal of {M}emory and {L}anguage},
  volume={30},
  number={5},
  pages={580--602},
  year={1991},
  publisher={Elsevier}
}

@article{chomsky1956three,
  title={Three models for the description of language},
  author={Chomsky, Noam},
  journal={IRE Transactions on information theory},
  volume={2},
  number={3},
  pages={113--124},
  year={1956},
  publisher={IEEE}
}

@article{polinsky2020headedness,
  title={Headedness and the lexicon: The case of verb-to-noun ratios},
  author={Polinsky, Maria and Magyar, Lilla},
  journal={Languages},
  volume={5},
  number={1},
  pages={9},
  year={2020},
  publisher={MDPI}
}

@article{hoeksema1992head,
  title={The head parameter in morphology and syntax},
  author={Hoeksema, Jack},
  journal={Language and {C}ognition},
  volume={2},
  pages={119--132},
  year={1992}
}

@inproceedings{kanayama2018coordinate,
  title={Coordinate structures in {U}niversal {D}ependencies for head-final languages},
  author={Kanayama, Hiroshi and Han, Na-Rae and Asahara, Masayuki and Hwang, Jena D and Miyao, Yusuke and Choi, Jinho D and Matsumoto, Yuji},
  booktitle={Proceedings of the Second Workshop on {U}niversal {D}ependencies (UDW 2018)},
  pages={75--84},
  year={2018}
}

@inproceedings{choi2011statistical,
  title={Statistical dependency parsing in {K}orean: {F}rom corpus generation to automatic parsing},
  author={Choi, Jinho D and Palmer, Martha},
  booktitle={Proceedings of the second workshop on statistical parsing of morphologically rich languages},
  pages={1--11},
  year={2011}
}

@inproceedings{coltekin2010freely,
  title={A Freely Available Morphological Analyzer for {T}urkish.},
  author={C{\"o}ltekin, Cagri},
  booktitle={LREC},
  volume={2},
  pages={19--28},
  year={2010}
}

@inproceedings{bedir2021overcoming,
  title={Overcoming the challenges in morphological annotation of {T}urkish in {U}niversal {D}ependencies framework},
  author={Bedir, Talha and {\c{S}}ahin, Karahan and G{\"u}ng{\"o}r, Onur and Uskudarli, Suzan and {\"O}zg{\"u}r, Arzucan and G{\"u}ng{\"o}r, Tunga and Ba{\c{s}}aran, Balk{\i}z {\"O}zt{\"u}rk},
  booktitle={Proceedings of The Joint 15th Linguistic Annotation Workshop (LAW) and 3rd Designing Meaning Representations (DMR) Workshop},
  pages={112--122},
  year={2021}
}

@article{haspelmath2014leipzig,
  title={The {L}eipzig style rules for linguistics},
  author={Haspelmath, Martin},
  journal={Max Planck Institute for Evolutionary Anthropology},
  url = {http://www. uni-regensburg. de/sprache-literatur-kultur/sprache-literatur-kultur/allgemeine-vergleichende-sprachwissenschaft/medien/pdfs/haspelmath\_2014\_style\_rules\_linguistics.pdf},
  year={2014}
}

@article{van2021trankit,
  title={Trankit: A light-weight transformer-based toolkit for multilingual natural language processing},
  author={Van Nguyen, Minh and Lai, Viet Dac and Veyseh, Amir Pouran Ben and Nguyen, Thien Huu},
  journal={arXiv preprint arXiv:2101.03289},
  year={2021}
}

@article{riedl2018using,
  title={Using semantics for granularities of tokenization},
  author={Riedl, Martin and Biemann, Chris},
  journal={Computational Linguistics},
  volume={44},
  number={3},
  pages={483--524},
  year={2018},
  publisher={MIT Press One Rogers Street, Cambridge, MA 02142-1209, USA journals-info~…}
}

@inproceedings{de2017assessing,
  title={Assessing the annotation consistency of the {U}niversal {D}ependencies corpora},
  author={de Marneffe, Marie-Catherine and Grioni, Matias and Kanerva, Jenna and Ginter, Filip},
  booktitle={Proceedings of the Fourth International Conference on Dependency Linguistics (Depling 2017)},
  pages={108--115},
  year={2017}
}

@article{simpson2004syllable,
  title={Syllable processing in alphabetic {K}orean},
  author={Simpson, Greg B and Kang, Hyewon},
  journal={Reading and Writing},
  volume={17},
  pages={137--151},
  year={2004},
  publisher={Springer}
}

@Manual{R2023,
     title = {R: A language and environment for statistical computing},
     author = {{R Core Team}},
     organization = {R Foundation for Statistical Computing},
     address = {Vienna, Austria},
     year = {2023},
     url = {https://www.R-project.org/}
}

@inproceedings{przepiorkowski2018lexical, 
  title={From lexical functional grammar to enhanced universal dependencies},
  author={Przepi{\'o}rkowski, Adam and Patejuk, Agnieszka},
  booktitle={Proceedings of the Joint Workshop on Linguistic Annotation, Multiword Expressions and Constructions (LAW-MWE-CxG-2018)},
  pages={2--4},
  year={2018}
} % zmienić to na lepsze

@article{lascarides1993temporal,
  title={Temporal interpretation, discourse relations and commonsense entailment},
  author={Lascarides, Alex and Asher, Nicholas},
  journal={Linguistics and philosophy},
  volume={16},
  number={5},
  pages={437--493},
  year={1993},
  publisher={Springer}
}

@article{wright2005ladies,
  title={Ladies first? {P}honology, frequency, and the naming conspiracy},
  author={Wright, Saundra K and Hay, Jennifer and Bent, Tessa},
  year={2005},
  publisher={Walter de Gruyter}
}

@misc{lu2022working,
  title={Working memory and the language device},
  author={Lu, Bingfu and Wen, Zhisheng Edward and Schwieter, J},
  year={2022},
  publisher={John W. Schwieter \& Zhisheng (Edward) Wen (eds.), The Cambridge handbook of~…}
}

@article{liu2008dependency,
  title={Dependency distance as a metric of language comprehension difficulty},
  author={Liu, Haitao},
  journal={Journal of Cognitive Science},
  volume={9},
  number={2},
  pages={159--191},
  year={2008}
}

@article{miller1963finitary,
  title={Finitary models of language users},
  author={Miller, George A and Chomsky, Noam},
  year={1963},
  url={https://api.semanticscholar.org/CorpusID:118165987}
}

@book{lohmann2014english,
  title={English coordinate constructions},
  author={Lohmann, Arne},
  year={2014},
  publisher={Cambridge University Press}
}

@article{warren2002influence,
  title={The influence of referential processing on sentence complexity},
  author={Warren, Tessa and Gibson, Edward},
  journal={Cognition},
  volume={85},
  number={1},
  pages={79--112},
  year={2002},
  publisher={Elsevier}
}

@unpublished{przepiorkowski2024argument,
    author = "Przepiórkowski, Adam and Borysiak, Magdalena and Głowacki, Adam",
    note = "To appear in the proceedings of \emph{LREC-COLING 2024}",
    url = "https://ling.auf.net/lingbuzz/007923",
    pdf = "https://ling.auf.net/lingbuzz/007923/current.pdf",
    title = "An Argument for Symmetric Coordination from {D}ependency {L}ength {M}inimization: {A}~Replication Study",
    year = "2024"
}

@incollection{zipf1946psychology,
  title={The psychology of language},
  author={Zipf, George Kingsley},
  booktitle={Encyclopedia of psychology},
  pages={332--341},
  year={1946},
}
% publisher={Philosophical Library}

@article{fenk1989word,
  title={Word frequency and word order in freezes},
  author={Fenk-Oczlon, Gertraud},
  year={1989},
  publisher={Walter de Gruyter, Berlin/New York}
}

@article{lewandowska2012narodowy,
  title={{N}arodowy {K}orpus {J}{\k{e}}zyka {P}olskiego},
  author={Lewandowska-Tomaszczyk, Barbara and Przepi{\'o}rkowski, A and Ba{\'n}ko, M and G{\'o}rski, RL},
  journal={Biuletyn Polskiego Towarzystwa J{\k{e}}zykoznawczego},
  pages={47},
  year={2012}
}

@article{mcdonald1993word,
  title={Word and world order: Semantic, phonological, and metrical determinants of serial position},
  author={McDonald, Janet L and Bock, Kathryn and Kelly, Michael H},
  journal={Cognitive {P}sychology},
  volume={25},
  number={2},
  pages={188--230},
  year={1993},
  publisher={Elsevier}
}